@article{Hudson-et-al1982,
    Author = {Hudson, Lynne M and Guthrie, Karen H and Santilli, Nicholas R},
    Journal = {Journal of Child Language},
    Month = {Feb},
    Number = {1},
    Pages = {125-138},
    Title = {The Use of Linguistic and Non-Linguistic Strategies in Kindergarteners' Interpretations of 'More' and 'Less'},
    Volume = {9},
    Year = {1982}}

@ONLINE{TuringAward,
author = {},
title = {A.M. Turing Award},
month = {Sep},
year = {2015},
url = {http://amturing.acm.org}}

@ONLINE{WirthAward,
author ={},
title = {Turing Award of Niklaus E. Wirth},
year = {1984},
url = {http://amturing.org/award_winners/wirth_1025774.cfm}}

@ONLINE{oberonDown,
author = {},
title = {ETH Oberon Download site},
year = {2015},
url = {http://www.oberon.ethz.ch/downloads}}

@article{ALGOL,
author = {Wirth, N. and Hoare, C. A. R.},
title = {A Contribution to the Development of ALGOL},
Journal = {Communications of the ACM},
month = {June},
year = {1966},
Volume = {9},
Pages = {413--432}}

@article{stepwise,
author = {Wirth, N.},
title = {Program Development by Stepwise Refinement},
Journal = {Communications of the ACM},
month = {April},
Year = {1971},
Volume = {14},
Number = {4}, 
Pages = {221--227}}

@book{PASCAL,
author = {Wirth, N. and Jensen, K.},
title = {PASCAL - User Manual and Report},
Publisher = {Springer-Verlag},
year = {1974}}

@book{algorithms,
author = {Wirth, N.},
title = {Algorithms + Data Strucures = Programs},
publisher = {Prentice-Hall Inc},
year = {1975}}

@book{oberon,
author = {Wirth, N. and Gutknecht, J.},
title = {Project Oberon},
publisher = {Addison-Wesley},
year = {1992}}

@book{modula,
author = {Wirth, N.},
title = {Programming in Modula-2},
publisher = {Springer-Verlag},
year = {1982}}